<?xml version="1.0" encoding="UTF-8"?><record xmlns="http://www.loc.gov/MARC21/slim" xmlns:cinclude="http://apache.org/cocoon/include/1.0" xmlns:zs="http://www.loc.gov/zing/srw/">
  <leader>01659cz  a2200289n  4500</leader>
  <controlfield tag="001">n 2012202347</controlfield>
  <controlfield tag="003">DLC</controlfield>
  <controlfield tag="005">20130716022618.0</controlfield>
  <controlfield tag="008">121207n| azannaabn          |a aaa      </controlfield>
  <datafield tag="010" ind1=" " ind2=" ">
    <subfield code="a">n 2012202347</subfield>
  </datafield>
  <datafield tag="035" ind1=" " ind2=" ">
    <subfield code="a">(OCoLC)oca09362807</subfield>
  </datafield>
  <datafield tag="040" ind1=" " ind2=" ">
    <subfield code="a">DLC</subfield>
    <subfield code="b">eng</subfield>
    <subfield code="c">DLC</subfield>
    <subfield code="e">rda</subfield>
    <subfield code="d">IEN</subfield>
  </datafield>
  <datafield tag="100" ind1="1" ind2=" ">
    <subfield code="a">Dookia, Sumit</subfield>
  </datafield>
  <datafield tag="370" ind1=" " ind2=" ">
    <subfield code="e">New Delhi, India</subfield>
    <subfield code="f">Thar Desert, India and Pakistan</subfield>
  </datafield>
  <datafield tag="371" ind1=" " ind2=" ">
    <subfield code="a">Assistant pofessor, University School of Env. Mgt., GGS Indraprastha University</subfield>
    <subfield code="b">New Delhi, India</subfield>
    <subfield code="e">110075</subfield>
    <subfield code="m">sumitdookia@gmail.com</subfield>
    <subfield code="v">Biodiversity of aquatic resources, 2012</subfield>
  </datafield>
  <datafield tag="372" ind1=" " ind2=" ">
    <subfield code="a">Ecology</subfield>
    <subfield code="s">1999</subfield>
  </datafield>
  <datafield tag="373" ind1=" " ind2=" ">
    <subfield code="a">University School of Env. Mgt., GGS Indraprastha University</subfield>
  </datafield>
  <datafield tag="373" ind1=" " ind2=" ">
    <subfield code="a">J.N.V. University</subfield>
  </datafield>
  <datafield tag="373" ind1=" " ind2=" ">
    <subfield code="a">Desert Research Station, Zoological Survey of India</subfield>
  </datafield>
  <datafield tag="373" ind1=" " ind2=" ">
    <subfield code="a">Project Tiger Directorate, New Delhi, India</subfield>
  </datafield>
  <datafield tag="373" ind1=" " ind2=" ">
    <subfield code="a">Wildlife Institute of India</subfield>
  </datafield>
  <datafield tag="373" ind1=" " ind2=" ">
    <subfield code="a">Bombay Natural History Society</subfield>
  </datafield>
  <datafield tag="374" ind1=" " ind2=" ">
    <subfield code="a">Ecologist</subfield>
  </datafield>
  <datafield tag="375" ind1=" " ind2=" ">
    <subfield code="a">male</subfield>
  </datafield>
  <datafield tag="377" ind1=" " ind2=" ">
    <subfield code="a">eng</subfield>
  </datafield>
  <datafield tag="400" ind1="0" ind2=" ">
    <subfield code="a">Sumit Dookia</subfield>
  </datafield>
  <datafield tag="670" ind1=" " ind2=" ">
    <subfield code="a">Biodiversity of aquatic resources, 2012:</subfield>
    <subfield code="b">title page (Sumit Dookia; currently assistant professor, University School of Env. Mgt., GGS Indraprastha University, New Delhi, India) jacket (Dr. Sumit Dookia is working in the Thar Desert on endangered fauna since 1999; did doctoral work on ecology of Indian Gazelle/Chinkara from J.N.V. University, Jodhpur, Rajasthan; also worked with Desert Research Station, Zoological Survey of India, Jodhpur, Project Tiger Directorate, New Delhi, Wildlife Institute of India, and Bombay Natural History Society; involved in teaching and research on conservation issues of biodiversity and natural resource management)</subfield>
  </datafield>
</record>